<record xmlns="http://www.openarchives.org/OAI/2.0/" xmlns:xsi="http://www.w3.org/2001/XMLSchema-instance"><header><identifier>oai:alma.34CSIC_INST:990012275470204201</identifier><datestamp>2020-02-06T08:41:03Z</datestamp><setSpec>manuscripta</setSpec></header><metadata><record xmlns="http://www.loc.gov/MARC21/slim" xmlns:xsi="http://www.w3.org/2001/XMLSchema-instance" xsi:schemaLocation="http://www.loc.gov/MARC21/slim http://www.loc.gov/standards/marcxml/schema/MARC21slim.xsd"><leader>06831ntm a2200625 i 4500</leader><controlfield tag="005">20181031100344.0</controlfield><controlfield tag="008">100331q        sp            000 0 ara d</controlfield><controlfield tag="001">990012275470204201</controlfield><datafield tag="035" ind1=" " ind2=" "><subfield code="a">CSIC001227547</subfield></datafield><datafield tag="035" ind1=" " ind2=" "><subfield code="a">(ES-MaCSI)001227547MAD01-Aleph</subfield></datafield><datafield tag="035" ind1=" " ind2=" "><subfield code="a">(OCoLC)1123733385
</subfield></datafield><datafield tag="040" ind1=" " ind2=" "><subfield code="a">ES-MaCSI</subfield><subfield code="b">spa</subfield></datafield><datafield tag="080" ind1=" " ind2=" "><subfield code="a">091(=411.21)</subfield></datafield><datafield tag="080" ind1=" " ind2=" "><subfield code="a">28</subfield></datafield><datafield tag="240" ind1="1" ind2="0"><subfield code="a">Misceláneo de textos piadosos</subfield></datafield><datafield tag="245" ind1="1" ind2="0"><subfield code="a">[Miscelánea]</subfield><subfield code="h">[Manuscrito]</subfield></datafield><datafield tag="260" ind1=" " ind2=" "><subfield code="a">[S.l.],</subfield><subfield code="c">S. a., S. XVI].</subfield></datafield><datafield tag="300" ind1=" " ind2=" "><subfield code="a">152 ff. (1 col., 8 líneas por pág.) :</subfield><subfield code="b">Papel, bien conservado. ;</subfield><subfield code="c">16,1x12 cm. (caja: 10,6x7,7 cm.).</subfield></datafield><datafield tag="490" ind1="0" ind2=" "><subfield code="a">Manuscripta</subfield></datafield><datafield tag="500" ind1=" " ind2=" "><subfield code="a">Incipit: بِسْمِ اللهِ الرَحْمَن الرَّحِيمِ الْحَمْدُ لِلَّهِ رَبِّ الْعَالَمِينَ الرَّحْمَنِ الرَّحِيمِ مَالِكِ يَوْمِ الدِّينِ إِيَّاكَ نَعْبُدُ وَإِيَّاكَ نَسْتَعِينُ</subfield></datafield><datafield tag="500" ind1=" " ind2=" "><subfield code="a">Explicit: ءَالْبُوَانْكَارَيَنْتَا ءَاشْ ءَالْكَااَمَّ بَّرَ شُلئَارْمَنُ ءَالْكَارَايَانْتَا لُكَااَمَّ بَّرَ شِمَاشْمُ. تم بحمدالله تعلى وحسن عونه وصلى الله على محمد وعلى ءاله</subfield></datafield><datafield tag="500" ind1=" " ind2=" "><subfield code="a">Tinta negra en el ductus, y roja para algunas vocalizaciones.</subfield></datafield><datafield tag="500" ind1=" " ind2=" "><subfield code="a">Copista: Desconocido.</subfield></datafield><datafield tag="500" ind1=" " ind2=" "><subfield code="a">Colofón: No.</subfield></datafield><datafield tag="500" ind1=" " ind2=" "><subfield code="a">Características especiales: Ninguna.</subfield></datafield><datafield tag="500" ind1=" " ind2=" "><subfield code="a">Ilustración: Títulos de las azoras: letra semicúfica para títulos de azoras rellenas de dorado</subfield></datafield><datafield tag="500" ind1=" " ind2=" "><subfield code="a">Ilustraciones: Relacionada con la impaginación: Trenzas de diferente longitud y complejidad. Tres puntos rellenos con tinta roja o negra.</subfield></datafield><datafield tag="500" ind1=" " ind2=" "><subfield code="a">Tipo de cuaderno: Quiniones, binión, cuaternión.</subfield></datafield><datafield tag="500" ind1=" " ind2=" "><subfield code="a">Deterioros: Ninguno</subfield></datafield><datafield tag="500" ind1=" " ind2=" "><subfield code="a">H. en blanco: 1r, 152v.</subfield></datafield><datafield tag="500" ind1=" " ind2=" "><subfield code="a">H. dañadas, mutiladas, sueltas: Ninguna.</subfield></datafield><datafield tag="500" ind1=" " ind2=" "><subfield code="a">H. faltan o añadidas: El f. 15 está pegado a la hoja siguiente desde la primera época; no se pierde texto.</subfield></datafield><datafield tag="500" ind1=" " ind2=" "><subfield code="a">Foliación: Moderna, a lápiz, en la esquina superior izquierda del recto.</subfield></datafield><datafield tag="500" ind1=" " ind2=" "><subfield code="a">Reclamos: No queda testimonio.</subfield></datafield><datafield tag="500" ind1=" " ind2=" "><subfield code="a">Signatura de cuaderno: Inexistente.</subfield></datafield><datafield tag="500" ind1=" " ind2=" "><subfield code="a">Pautado: Mistara, no reconocible de forma sistemática.</subfield></datafield><datafield tag="500" ind1=" " ind2=" "><subfield code="a">Filigrana: Centrada en el corte inferior o superior del folio. Aunque conservada de forma parcial, parece tratarse de una corona con la letra mayúscula “F”.</subfield></datafield><datafield tag="500" ind1=" " ind2=" "><subfield code="a">Signatura antigua: Junta 28</subfield></datafield><datafield tag="500" ind1=" " ind2=" "><subfield code="a">Anotaciones: Inexistentes en los márgenes. En el interlineado, inserción posterior de la misma mano para realizar correcciones.</subfield></datafield><datafield tag="510" ind1="3" ind2=" "><subfield code="a">Descripción: Julián Ribera y Miguel Asín, Manuscritos árabes y aljamiados de la Biblioteca de la Junta, Madrid, Junta para Ampliación de Estudios e Investigaciones Científicas, 1912, p. 118.</subfield></datafield><datafield tag="510" ind1="4" ind2=" "><subfield code="a">Bibliografía: Nuria Martínez de Castilla, Edición, estudio y glosario del manuscrito T19 de la Real Academia de la Historia, Madrid, UCM, 2005. Alfredo Mateos y Juan Carlos Villaverde (eds.), Memoria de los moriscos. Escritos y relatos de una diáspora cultural, Madrid, SECC, 2010, pp. 156-159 (reproducción, pp. 157, 158).</subfield></datafield><datafield tag="520" ind1="2" ind2=" "><subfield code="a">1.- Ff. 1r-84v. Azoras coránicas. 1.- F. 84v. Oración. [En árabe.] 3.- Ff. 86r-97v. “Los aduaes del-alwadú”. 4.- Ff. 114v-141v. “Regimiento de las lunas”. 5.- Ff. 141v-152r. “El afadila y gualardón del día del algumua”.</subfield></datafield><datafield tag="530" ind1=" " ind2=" "><subfield code="a">María Pilar Martínez Olmo, Colección de manuscritos árabes y aljamiados de la Biblioteca del Instituto de Filología del CSIC [recurso electrónico]: los manuscritos de la Junta, Madrid, CSIC, 1998, 4 Cd-Rom.</subfield></datafield><datafield tag="541" ind1=" " ind2=" "><subfield code="a">Procedencia: Almonacid de la Sierra.</subfield><subfield code="d">Ingreso: Junio de 1910.</subfield></datafield><datafield tag="546" ind1=" " ind2=" "><subfield code="a">Aljamiado y árabe</subfield><subfield code="b">con escritura magrebí. Letra seudocúfica para títulos de azoras.</subfield></datafield><datafield tag="563" ind1=" " ind2=" "><subfield code="a">Probablemente original, o al menos coetánea. Se conserva completa. Cubierta en cuero marrón oscuro. Tabla compuesta por cartón muy endurecido. Cordones de badana que se conservan en contracubierta, pero no así en cubierta, donde tan solo quedan los agujeros donde se insertarían estas tiras para cerrar el volumen. Hierros para decoración central. Cenefas exteriores que parecen manufacturadas. La parte superior e inferior del lomo está desprendida y desaparecida en parte.</subfield></datafield><datafield tag="594" ind1=" " ind2="1"><subfield code="a">Responsabilidad desconocida</subfield></datafield><datafield tag="630" ind1="0" ind2="7"><subfield code="a">Corán.</subfield><subfield code="2">CSICAU</subfield></datafield><datafield tag="650" ind1=" " ind2="7"><subfield code="a">Manuscritos árabes.</subfield><subfield code="2">CSICAU</subfield></datafield><datafield tag="650" ind1=" " ind2="7"><subfield code="a">Manuscritos aljamiados.</subfield><subfield code="2">CSICAU</subfield></datafield><datafield tag="650" ind1=" " ind2="7"><subfield code="a">Islam.</subfield><subfield code="2">CSICAU</subfield></datafield><datafield tag="650" ind1=" " ind2="7"><subfield code="a">Oraciones.</subfield><subfield code="2">CSICAU</subfield></datafield><datafield tag="830" ind1=" " ind2="0"><subfield code="a">Manuscripta</subfield></datafield><datafield tag="856" ind1="4" ind2="1"><subfield code="u">http://aleph.csic.es/imagenes/mad01/0006_PMSC/P_001227547_650956_V00.pdf</subfield><subfield code="z">Descargar Pdf completo (8.4M)</subfield><subfield code="m">CSIC</subfield></datafield><datafield tag="856" ind1="4" ind2="1"><subfield code="u">http://simurg.bibliotecas.csic.es/viewer/image/CSIC001227547/1/</subfield><subfield code="z">Ver texto completo en SIMURG, el portal de fondos digitalizados del CSIC</subfield><subfield code="m">CSIC</subfield></datafield><datafield tag="856" ind1="4" ind2="1"><subfield code="u">http://aleph.csic.es/imagenes/mad01/0006_PMSC/html/001227547.html</subfield><subfield code="z">Ver texto completo en Bookreader</subfield></datafield></record></metadata></record>